<?xml version="1.0"?>
<record xmlns="http://www.loc.gov/MARC21/slim">
  <leader>02694nam a2200457 a 4500</leader>
  <controlfield tag="001">cihm_97276</controlfield>
  <controlfield tag="003">CaSfIA</controlfield>
  <controlfield tag="005">20151008010651.0</controlfield>
  <controlfield tag="007">cr||||||||||||</controlfield>
  <controlfield tag="008">000419s1911    be a   |b|||| 000 0 fre d</controlfield>
  <datafield tag="020" ind1=" " ind2=" ">
    <subfield code="a">0665972768</subfield>
  </datafield>
  <datafield tag="035" ind1=" " ind2=" ">
    <subfield code="a">ocm56737550</subfield>
  </datafield>
  <datafield tag="040" ind1=" " ind2=" ">
    <subfield code="a">CaOOCIHM</subfield>
    <subfield code="b">fre</subfield>
    <subfield code="c">CaOOCIHM</subfield>
    <subfield code="d">AEU</subfield>
    <subfield code="d">CaSfIA</subfield>
  </datafield>
  <datafield tag="082" ind1="0" ind2=" ">
    <subfield code="a">242</subfield>
    <subfield code="2">20</subfield>
  </datafield>
  <datafield tag="090" ind1=" " ind2=" ">
    <subfield code="a">FC 02 0203 no. 97276</subfield>
    <subfield code="b">AEU</subfield>
  </datafield>
  <datafield tag="245" ind1="1" ind2="0">
    <subfield code="a">Pri&#xE8;res, cat&#xE9;chisme et cantiques en langue peau-de-li&#xE8;vre</subfield>
    <subfield code="h">[electronic resource] </subfield>
  </datafield>
  <datafield tag="260" ind1=" " ind2=" ">
    <subfield code="a">Bruges [Belgique] :</subfield>
    <subfield code="b">Soci&#xE9;t&#xE9; Saint-Augustin, Descl&#xE9;e de Brouwer,</subfield>
    <subfield code="c">1911.</subfield>
  </datafield>
  <datafield tag="300" ind1=" " ind2=" ">
    <subfield code="a">5 microfiches (199 images) :</subfield>
    <subfield code="b">ill.</subfield>
  </datafield>
  <datafield tag="490" ind1="1" ind2=" ">
    <subfield code="a">CIHM/ICMH Microfiche series = CIHM/ICMH collection de microfiches ;</subfield>
    <subfield code="v">no. 97276</subfield>
  </datafield>
  <datafield tag="500" ind1=" " ind2=" ">
    <subfield code="a">Titre fran&#xE7;ais suivi du titre en peau-de-li&#xE8;vre (2 lignes en caract&#xE8;res syllabiques)</subfield>
  </datafield>
  <datafield tag="500" ind1=" " ind2=" ">
    <subfield code="a">En t&#xEA;te du titre: L.C.J. &amp; M.I.</subfield>
  </datafield>
  <datafield tag="500" ind1=" " ind2=" ">
    <subfield code="a">Cantiques (sans musique, airs indiqu&#xE9;s): p. [201]-368.</subfield>
  </datafield>
  <datafield tag="500" ind1=" " ind2=" ">
    <subfield code="a">&#xC9;d. originale, d'apr&#xE8;s un ms. du P. Jean S&#xE9;guin, publi&#xE9;e par E. Petitot, Lac Labiche, 1881 [xloc]; 2e &#xE9;d., avec additions de Xavier Ducot, imprim&#xE9;e par Mgr Faraud et les PP. Grouard et Giroux, Lac Labiche, 1888; 3e &#xE9;d., avec un cantique au Sacr&#xE9;-Coeur compos&#xE9; par Henri Audemard et le cat&#xE9;chisme traduit par le m&#xEA;me, imprim&#xE9;e &#xE0; Athabaska par Mgr Grouard en 1898; 4e &#xE9;d. en caract&#xE8;res romains, publi&#xE9;e par PP. Ducot et Gouy, Bordeaux, 1899, sous le titre: Dene, yat'iwa-kura-yat'ikhe, kura Chen edinkle (les autres &#xE9;d., toutes en caract&#xE8;res syllabique). Cette &#xE9;d., qui est la 5&#xE8;me, fut pr&#xE9;par&#xE9;e par le P. Audemard. Cf. Bernard, M. Bibliographie des missionnaires oblats de Marie-Immacul&#xE9;e, t. 1, p. 79-80; Pilling (Athapascan), p. 82-83, 94.</subfield>
  </datafield>
  <datafield tag="510" ind1="4" ind2=" ">
    <subfield code="a">Banks (2nd ed.),</subfield>
    <subfield code="c">p. 85.</subfield>
  </datafield>
  <datafield tag="533" ind1=" " ind2=" ">
    <subfield code="a">Microfiche de l'exemplaire de l'&#xE9;dition originale se trouvant &#xE0; la Biblioth&#xE8;que nationale du Canada.</subfield>
    <subfield code="b">Ottawa :</subfield>
    <subfield code="c">Institut canadien de microreproductions historiques,</subfield>
    <subfield code="d">1999.</subfield>
  </datafield>
  <datafield tag="534" ind1=" " ind2=" ">
    <subfield code="e">376 p. : ill. ; 17 cm.</subfield>
  </datafield>
  <datafield tag="546" ind1=" " ind2=" ">
    <subfield code="a">Texte en langue peau-de-li&#xE8;vre, en caract&#xE8;res syllabiques; comprend du texte pr&#xE9;lim. et des en-t&#xEA;tes en fran&#xE7;ais.</subfield>
  </datafield>
  <datafield tag="596" ind1=" " ind2=" ">
    <subfield code="a">43</subfield>
  </datafield>
  <datafield tag="650" ind1=" " ind2="6">
    <subfield code="a">Litt&#xE9;rature de d&#xE9;votion hare.</subfield>
  </datafield>
  <datafield tag="650" ind1=" " ind2="6">
    <subfield code="a">Hare (Langue)</subfield>
    <subfield code="x">Textes.</subfield>
  </datafield>
  <datafield tag="650" ind1=" " ind2="0">
    <subfield code="a">Devotional literature, Kawchottine.</subfield>
  </datafield>
  <datafield tag="650" ind1=" " ind2="0">
    <subfield code="a">Kawchottine dialect</subfield>
    <subfield code="x">Texts.</subfield>
  </datafield>
  <datafield tag="700" ind1="1" ind2=" ">
    <subfield code="a">Audemard, Henri,</subfield>
    <subfield code="d">1864-1948.</subfield>
  </datafield>
  <datafield tag="700" ind1="1" ind2=" ">
    <subfield code="a">Ducot, Xavier,</subfield>
    <subfield code="d">1848-1916.</subfield>
  </datafield>
  <datafield tag="700" ind1="1" ind2=" ">
    <subfield code="a">Gouy, &#xC9;douard,</subfield>
    <subfield code="d">1869-1943.</subfield>
  </datafield>
  <datafield tag="700" ind1="1" ind2=" ">
    <subfield code="a">Petitot, &#xC9;mile,</subfield>
    <subfield code="d">1838-1917.</subfield>
  </datafield>
  <datafield tag="700" ind1="1" ind2=" ">
    <subfield code="a">S&#xE9;guin, Jean,</subfield>
    <subfield code="d">1833-1902.</subfield>
  </datafield>
  <datafield tag="830" ind1=" " ind2="0">
    <subfield code="a">CIHM/ICMH microfiche series ;</subfield>
    <subfield code="v">no. 97276</subfield>
  </datafield>
  <datafield tag="856" ind1="4" ind2="1">
    <subfield code="u">http://archive.org/details/cihm_97276</subfield>
    <subfield code="z">Free eBook from the Internet Archive</subfield>
  </datafield>
  <datafield tag="016" ind1=" " ind2=" ">
    <subfield code="a"> 006009441</subfield>
  </datafield>
</record>
